@article{Davies2007,
author = {Davies, T. G E and Field, L. M. and Usherwood, P. N R and Williamson, M. S.},
doi = {10.1111/j.1365-2583.2007.00733.x},
isbn = {0962-1075},
issn = {09621075},
journal = {Insect Molecular Biology},
pmid = {17433068},
title = {{A comparative study of voltage-gated sodium channels in the Insecta: Implications for pyrethroid resistance in Anopheline and other Neopteran species}},
year = {2007}
}
@article{Elliott1973,
author = {Elliott, M. and Farnham, A. W. and Janes, N. F. and Needham, P. H. and Pulman, D. A. and Stevenson, J. H.},
doi = {10.1038/246169a0},
issn = {0028-0836},
journal = {Nature},
number = {5429},
pages = {169--170},
publisher = {Nature Publishing Group},
title = {{A Photostable Pyrethroid}},
url = {http://www.nature.com/articles/246169a0},
volume = {246},
year = {1973}
}
@article{Elliott1974,
author = {Elliott, M. and Farnham, A. W. and Janes, N. F. and Needham, P. H. and Pulman, D. A.},
doi = {10.1038/248710a0},
issn = {0028-0836},
journal = {Nature},
keywords = {Humanities and Social Sciences,Science,multidisciplinary},
number = {5450},
pages = {710--711},
publisher = {Nature Publishing Group},
title = {{Synthetic insecticide with a new order of activity}},
url = {http://www.nature.com/articles/248710a0},
volume = {248},
year = {1974}
}
@article{Elliott1989,
author = {Elliott, M.},
doi = {10.1002/ps.2780270403},
issn = {0031613X},
journal = {Pesticide Science},
number = {4},
pages = {337--351},
publisher = {John Wiley {\&} Sons, Ltd},
title = {{The pyrethroids: Early discovery, recent advances and the future}},
url = {http://doi.wiley.com/10.1002/ps.2780270403},
volume = {27},
year = {1989}
}
